@Book{webgl_guide,
author = {K. Matsuda, R. Lea},
title = {WebGL Programming Guide: Interactive 3D Graphics Programming with WebGL},
publisher = {Addison-Wesley},
year = {2013.},
address = {Boston, Massachusetts, SAD},
edition = {U prvom}
}

@Book{physics_guide,
author = {D. M. Bourg, B. Bywalec},
title = {Physics for Game Developers: Science, math, and code for realistic effects},
publisher = {O'Reilly},
year = {2001.},
address = {Sebastopol, California, SAD},
edition = {U drugom}
}

@TechReport{tech_report,
author = {B. Knowles, O. Fryazinov},
title = {Increasing realism of animated grass in real-time game environments},
institution = {The National Centre for Computer Animation, Bournemouth University, UK},
year = {2015}
}

@Article{article_on_subject,
author = {R.-R. Lee et al.},
title = {A simulation on grass swaying with dynamic wind force},
journal = {International Journal of Computer Graphics},
year = {2016}
}

@Book{irg_book,
author = {M. Čupić, Ž. Mihajlović},
title = {Interaktivna računalna grafika
kroz primjere u OpenGL-u},
publisher = {Self-published, FER},
year = {2018}
}
