@book{1,
title={Book},
author={Author}
}