%% LaTeX2e file `test.bib'
%% generated by the `filecontents' environment
%% from source `test' on 2021/01/30.
%%
   @book{Gnus,
    author = {David A. Zoo},
    title = {Gnats of the world},
    publisher = {Epic},
    Year = {2018},
    }
      @book{Gnats,
    author = {David A. TheZoo},
    title = {Gnus of the oceans},
    publisher = {Epic},
    Year = {2020},
    }
